@MIST{dataset,
    author = "Cortez and Morais",
    title = "Forest Fires Dataset",
    URL = "https://archive.ics.uci.edu/ml/datasets/Forest+Fires",
    Year = "2007"
}

@ARTICLE{paper,
    author = "Cortez and Morais",
    title = "A Data Mining Approach to Predict Forest Firesusing Meteorological Data",
    URL = "http://www3.dsi.uminho.pt/pcortez/fires.pdf",
    Year = "2007"
}

@ARTICLE{ptfire,
    author = "ClimateChangePost",
    title = "Forest fires Portugal",
    URL = "https://www.climatechangepost.com/portugal/forest-fires/",
    Year = "1996"
}
@ARTICLE{lin,
    author = "Wikipedia",
    title = "{Linear regression}. ({English}",
    URL = "https://en.wikipedia.org/wiki/Linear_regression"
}

@ARTICLE{smo,
    author = "Wikipedia",
    title = "{Sequential minimal optimization}. ({English}",
    URL = "https://en.wikipedia.org/wiki/Sequential_minimal_optimization"
}

@ARTICLE{gp,
    author = "Wikipedia",
    title = "{Gaussian Process}. ({English}",
    URL = "https://en.wikipedia.org/wiki/Gaussian_process"
}

@ARTICLE{mp,
    author = "Wikipedia",
    title = "{Multilayer Perceptron}. ({English}",
    URL = "https://en.wikipedia.org/wiki/Multilayer_perceptron"
}

@ARTICLE{rmse,
    author = "Wikipedia",
    title = "{Root-mean-square deviation}. ({English}",
    URL = "https://en.wikipedia.org/wiki/Root-mean-square_deviation"
}

@ARTICLE{loo,
    author = "Wikipedia",
    title = "{Cross-validation(statistics)}. ({English}",
    URL = "https://en.wikipedia.org/wiki/Cross-validation_(statistics)#Leave-one-out_cross-validation"
}

@ARTICLE{fwi,
    author = "Meteorological Service of Canada",
    title = "{Fire Weather Index (FWI) System}",
    URL = "https://www.nwcg.gov/publications/pms437/cffdrs/fire-weather-index-system",
    Year = "2019"
}

@MANUAL{weka,
    author = "University of Waikato",
    title = "{Waikato Environment for Knowledge Analysis }",
    URL = "https://www.cs.waikato.ac.nz/ml/weka/index.html",
}

@MISC{meta,
    title = "{Chart making website}",
    URL = "https://www.meta-chart.com/"
}

@MISC{vp,
    title = "{Visual Paradigm}",
    URL = "https://www.visual-paradigm.com/"
}
@ARTICLE{r,
    title = "Correlation Coefficient: Simple Definition, Formula, Easy Steps",
    URL = "https://www.statisticshowto.com/probability-and-statistics/correlation-coefficient-formula/"
}

@ARTICLE{rae,
    title = "Relative Absolute Error",
    URL = "https://www.statisticshowto.com/relative-absolute-error/"
}

@ARTICLE{rrse,
    title = "Root Relative Squared Error",
    URL = "https://www.gepsoft.com/GeneXproTools/AnalysesAndComputations/MeasuresOfFit/RootRelativeSquaredError.htm"
}

@BOOK{vega,
    author = "C. Vega-Garcia et al",
    title = "Applying neural network technology to human-caused wildfire occurrence prediction",
    URL = "https://cfs.nrcan.gc.ca/publications?id=18949"
}

@ARTICLE{abs,
    title = "Absolute Error and Mean Absolute Error (MAE) ",
    URL = "https://www.statisticshowto.com/absolute-error/"
}

@ARTICLE{montesinho,
    title = "{Montesinho Natural Park}",
    URL = "https://amontesinho.pt/en/the-region/montesinho-natural-park/"
}

