@ARTICLE{costasp,
    author = "Wikipedia",
    title = "{Costas Array}. ({English})",
    URL = "https://en.wikipedia.org/wiki/Costas_array"
}

@ARTICLE{costas,
    author = "Wikipedia",
    title = "{John P. Costas}. ({English})",
    URL = "https://en.wikipedia.org/wiki/John_P._Costas_(engineer)"
}

@MISC{int,
    title = "On-Line Encyclopedia of Integer Sequences",
    URL = "https://oeis.org/A008404"
}

@ARTICLE{spa,
    author = "S. Abreu D. Diaz F. Richoux P. Codognet Y. Caniou",
    title = "{Constraint-Based Local Searchfor the Costas Array Problem}",
    URL = "https://dspace.uevora.pt/rdpc/bitstream/10174/6283/1/lion6-published.pdf",
    Year = "2012"
}

@ARTICLE{adaptive,
    author = "C. Truchet, D. Diaz, P. Codognet",
    title = "{The Adaptive Search Method for Constraint Solving and its application to musical CSPs}",
    URL = "https://www.researchgate.net/publication/228870263_The_Adaptive_Search_Method_for_Constraint_Solving_and_its_application_to_musical_CSPs",
    Year = "2002",
    Location = "University of Nantes"
}

@ARTICLE{queens,
    author = "Wikipedia",
    title = "{Eight queens puzzle}. ({English})",
    URL = "https://en.wikipedia.org/wiki/Eight_queens_puzzle"
}

@MANUAL{minizinc,
    title = "MiniZinc",
    URL = "https://www.minizinc.org/"
}